@article{arrow50,
 author = {Kenneth J. Arrow},
 doi = {10.1086/256963},
 journal = {J Polit Econ},
 month = {aug},
 number = {4},
 pages = {328--346},
 publisher = {University of Chicago Press},
 title = {A Difficulty in the Concept of Social Welfare},
 url = {https://doi.org/10.1086%2F256963},
 volume = {58},
 year = {1950}
}

@misc{giottotda,
 archiveprefix = {arXiv},
 author = {Guillaume Tauzin and Umberto Lupo and Lewis Tunstall and Julian Burella Pérez and Matteo Caorsi and Anibal Medina-Mardones and Alberto Dassatti and Kathryn Hess},
 eprint = {2004.02551},
 primaryclass = {cs.LG},
 title = {giotto-tda: A Topological Data Analysis Toolkit for Machine Learning and Data Exploration},
 year = {2020}
}

@article{keplermapper,
 author = {Hendrik van Veen and Nathaniel Saul and David Eargle and Sam Mangham},
 doi = {10.21105/joss.01315},
 journal = {J. Open Source Softw.},
 month = {oct},
 number = {42},
 pages = {1315},
 publisher = {The Open Journal},
 title = {Kepler Mapper: A flexible Python implementation of the Mapper algorithm.},
 url = {https://doi.org/10.21105%2Fjoss.01315},
 volume = {4},
 year = {2019}
}

@inproceedings{kleinberg02,
 address = {Cambridge, MA, USA},
 author = {Kleinberg, Jon},
 booktitle = {Proceedings of the 15th International Conference on Neural Information Processing Systems},
 numpages = {8},
 pages = {463–470},
 publisher = {MIT Press},
 series = {NIPS'02},
 title = {An Impossibility Theorem for Clustering},
 year = {2002}
}

@misc{mapperinteractive,
 archiveprefix = {arXiv},
 author = {Youjia Zhou and Nithin Chalapathi and Archit Rathore and Yaodong Zhao and Bei Wang},
 eprint = {2011.03209},
 primaryclass = {cs.CG},
 title = {Mapper Interactive: A Scalable, Extendable, and Interactive Toolbox for the Visual Exploration of High-Dimensional Data},
 year = {2021}
}

@misc{mullner11,
 archiveprefix = {arXiv},
 author = {Daniel Müllner},
 eprint = {1109.2378},
 primaryclass = {stat.ML},
 title = {Modern hierarchical, agglomerative clustering algorithms},
 year = {2011}
}

@article{sibson73,
 author = {R. Sibson},
 doi = {10.1093/comjnl/16.1.30},
 journal = {Comput. J.},
 month = {jan},
 number = {1},
 pages = {30--34},
 publisher = {Oxford University Press ({OUP})},
 title = {{SLINK}: An optimally efficient algorithm for the single-link cluster method},
 url = {https://doi.org/10.1093%2Fcomjnl%2F16.1.30},
 volume = {16},
 year = {1973}
}

@inproceedings{singh07,
 author = {Singh, Gurjeet and Memoli, Facundo and Carlsson, Gunnar},
 booktitle = {Eurographics Symposium on Point-Based Graphics},
 doi = {10.2312/SPBG/SPBG07/091-100},
 editor = {M. Botsch and R. Pajarola and B. Chen and M. Zwicker},
 isbn = {978-3-905673-51-7},
 issn = {1811-7813},
 publisher = {The Eurographics Association},
 title = {{Topological Methods for the Analysis of High Dimensional Data Sets and 3D Object Recognition}},
 year = {2007}
}

